<record><leader>00000cas a2200000 a 4500</leader><controlfield tag="001">13115137</controlfield><controlfield tag="008">860206d19231928iaudn ne      0    0eng d</controlfield><datafield ind1=" " ind2=" " tag="010"><subfield code="a">sn 86063089 </subfield></datafield><datafield ind1=" " ind2=" " tag="040"><subfield code="a">KSH</subfield><subfield code="b">eng</subfield><subfield code="c">KSH</subfield><subfield code="d">NPT</subfield><subfield code="d">INP</subfield><subfield code="d">OCL</subfield><subfield code="d">OCLCQ</subfield></datafield><datafield ind1=" " ind2=" " tag="042"><subfield code="a">msc</subfield></datafield><datafield ind1="0" ind2=" " tag="130"><subfield code="a">Creston daily advertiser (Creston, Iowa : 1923)</subfield></datafield><datafield ind1="1" ind2="0" tag="245"><subfield code="a">Creston daily advertiser.</subfield></datafield><datafield ind1="3" ind2="0" tag="246"><subfield code="a">Creston advertiser gazette and plain dealer</subfield></datafield><datafield ind1="3" ind2="0" tag="246"><subfield code="a">Creston advertiser gazette</subfield></datafield><datafield ind1="1" ind2="7" tag="246"><subfield code="a">Creston advertiser</subfield><subfield code="f">Dec. 27, 1924-Sept. 5, 1928</subfield></datafield><datafield ind1=" " ind2=" " tag="260"><subfield code="a">Creston, Iowa :</subfield><subfield code="b">Creston Advertiser-Gazette Co.,</subfield><subfield code="c">1923-1928.</subfield></datafield><datafield ind1=" " ind2=" " tag="300"><subfield code="a">9 v. :</subfield><subfield code="b">ill. ;</subfield><subfield code="c">57 cm.</subfield></datafield><datafield ind1=" " ind2=" " tag="310"><subfield code="a">Daily (except Sunday and major holidays)</subfield></datafield><datafield ind1="0" ind2=" " tag="362"><subfield code="a">Vol. 41, no. 251 (Jan. 11, 1923)-49th year, no. 141 (Sept. 5, 1928).</subfield></datafield><datafield ind1=" " ind2=" " tag="500"><subfield code="a">Official paper of Union County.</subfield></datafield><datafield ind1=" " ind2=" " tag="500"><subfield code="a">Editor: Geo. A. Croft (managing editor), Mar. 31, 1927-Sept. 5, 1928.</subfield></datafield><datafield ind1=" " ind2=" " tag="515"><subfield code="a">Occasional errors in numbering.</subfield></datafield><datafield ind1=" " ind2=" " tag="752"><subfield code="a">United States</subfield><subfield code="b">Iowa</subfield><subfield code="c">Union</subfield><subfield code="d">Creston.</subfield></datafield><datafield ind1="0" ind2="0" tag="780"><subfield code="t">Creston daily advertiser and plain dealer</subfield><subfield code="w">(DLC)sn 86060297</subfield></datafield><datafield ind1="0" ind2="7" tag="785"><subfield code="t">Creston evening news</subfield><subfield code="w">(DLC)sn 86060054</subfield></datafield><datafield ind1="0" ind2="7" tag="785"><subfield code="t">Creston news advertiser (Creston, Iowa : Daily)</subfield><subfield code="w">(DLC)sn 86060057</subfield></datafield><datafield ind1="1" ind2=" " tag="029"><subfield code="a">AU@</subfield><subfield code="b">000022167127</subfield></datafield></record>